<?xml version="1.0" encoding="UTF-8"?><collection xmlns="http://www.loc.gov/MARC21/slim"><record><leader>00545nam--2200205-u-4500</leader><controlfield tag="001">000053528</controlfield><controlfield tag="002">20161230</controlfield><controlfield tag="005">20161230201051</controlfield><controlfield tag="008">110411s1000------------r-----000-0-eng-d</controlfield><datafield ind1=" " ind2=" " tag="020"><subfield code="a">0471033863</subfield></datafield><datafield ind1=" " ind2=" " tag="040"><subfield code="a">IFIN-HH</subfield></datafield><datafield ind1=" " ind2=" " tag="080"><subfield code="a">576.8.097:541</subfield></datafield><datafield ind1="1" ind2=" " tag="100"><subfield code="a">Sternberger, Ludwig A</subfield></datafield><datafield ind1="1" ind2="0" tag="245"><subfield code="a">Immunocytochemistry</subfield><subfield code="c">Ludwig a. sternberger</subfield></datafield><datafield ind1=" " ind2=" " tag="260"><subfield code="a">New York</subfield><subfield code="b">John Wiley And Sons</subfield><subfield code="c">1979</subfield></datafield><datafield ind1=" " ind2=" " tag="300"><subfield code="a">354P</subfield></datafield><datafield ind1=" " ind2=" " tag="490"><subfield code="a">Basic And Clinical Immunolology</subfield></datafield><datafield ind1=" " ind2="4" tag="650"><subfield code="a">Cytochemistry</subfield></datafield><datafield ind1=" " ind2=" " tag="852"><subfield code="a">81213</subfield><subfield code="c">577.3</subfield></datafield><datafield ind1=" " ind2=" " tag="CAT"><subfield code="a">Sys</subfield><subfield code="c">20110411</subfield><subfield code="h">153809</subfield></datafield></record></collection>